@inproceedings{Anandkumar2012,
	author = {A. Anandkumar and D. Hsu and S. M. Kakade},
	title = {A method of moments for mixture models and hidden {M}arkov models},
	year = {2012},
	booktitle = {COLT}
}

@inproceedings{Arora2012,
	author = {Sanjeev Arora and Rong Ge and Ankur Moitra},
	title = {Learning topic models -- {G}oing beyond {SVD}},
	year = {2012},
	booktitle = {IEEE 53rd Annual Symposium on Foundations of Computer Science ({\it FOCS})}
}

@article{Bannister2005,
	author = {Andrew J. Bannister and Robert Schneider and Fiona A. Myers and
	Alan W. Thorne and Colyn Crane-Robinson and Tony Kouzarides},
	title = {Spatial distribution of {D}i- and {T}ri-methyl {L}ysine 36 of {H}istone {H}3 at active genes},
	year = {2005},
	journal = {Journal of Biological Chemistry},
	volume = {280},
	number = {18},
	pages = {17732--17736}
}

@article{Barski2007,
	author = {Artem Barski and Suresh Cuddapah and Kairong Cui and Tae-Young Roh
	and Dustin E. Schones and Zhibin Wang and Gang Wei and Iouri Chepelev
	and Keji Zhao},
	title = {High-resolution profiling of histone methylations in the human genome},
	year = {2007},
	journal = {Cell},
	volume = {129},
	pages = {823--837}
}

@article{Bernstein2007,
	author = {Bernstein,B.E. and Meissner,A. and Lander,E.S.},
	title = {The mammalian epigenome},
	year = {2007},
	journal = {Cell},
	volume = {128},
	pages = {669--681}
}

@article{Bernstein2006,
	author = {Bernstein,B.E. et al.},
	title = {A bivalent chromatin structure marks key developmental genes in embryonic stem cells},
	year = {2006},
	journal = {Cell},
	volume = {125},
	pages = {315--326}
}

@article{Bernstein2010,
	author = {Bernstein et. al},
	title = {The {NIH} {R}oadmap {E}pigenomics {M}apping {C}onsortium},
	year = {2010},
	journal = {Nature Biotechnology},
	volume = {28},
	pages = {1045--1048}
}

@article{Biesinger2013,
	author = {Jacob Biesinger and Yuanfeng Wang and Xiaohui Xie},
	title = {Discovering and mapping chromatin states using a tree hidden {M}arkov model},
	year = {2013},
	journal = {BMC Bioinformatics},
	volume = {14},
	number = {Suppl 5},
	pages = {S4}
}

@book{Bishop2006,
	author = {Christopher M. Bishop},
	title = {Pattern Recognition and Machine Learning (Information Science and Statistics)},
	year = {2006},
	isbn = {0387310738},
	publisher = {Springer-Verlag New York, Inc.},
	address = {Secaucus, NJ, USA}
}

@article{BLUEPRINT2012,
	author = {D. Adams e. al},
	title = {{BLUEPRINT} to decode the epigenetic signature written in blood},
	year = {2012},
	journal = {Nature Biotechnology},
	volume = {30},
	pages = {224-226}
}

@inproceedings{Chaganty2013,
	author = {A. Chaganty and P. Liang},
	title = {Spectral experts for estimating mixtures of linear regressions},
	year = {2013},
	booktitle = {ICML},
}

@article{Chen2014,
	author = {Taiping Chen and Sharon Y R Dent},
	title = {Chromatin modifiers and remodellers: regulators of cellular differentiation},
	year = {2014},
	journal = {Nature Reviews Genetics},
	volume = {15},
	pages = {83--106}
}

@article{ChenRajewsky2006,
	author = {Kevin Chen and Nikolaus Rajewsky},
	title = {Natural selection on human {microRNA} binding sites inferred from {SNP} data},
	year = {2006},
	journal = {Nature Genetics},
	volume = {38},
	pages = {1452--1456}
}

@inproceedings{Cohen2013,
	author = {Cohen,S.B. and Stratos,K. and Collins,M. and Foster,D.P. and Ungar,L.},
	title = {Experiments with spectral learning of latent variable {PCFG}s},
	year = {2013},
	booktitle = {Preceedings of the 2013 Conference of the North American Chapter of the Association for Computational Linguistics: Human Language Technologies ({\it NAACL})	}
}

@article{Creyghton2010,
	author = {Creyghton et. al},
	title = {Histone {H3K27ac} separates active from poised enhancers and predicts developmental state},
	year = {2010},
	journal = {Proc Natl Acad Sci},
	volume = {107},
	number = {50},
	pages = {21931--21936}
}

@article{Dem2007,
	author = {James Demmel and Ioana Dumitriu and Olga Holtz},
	title = {Fast linear algebra is stable},
	year = {2007},
	journal = {Journal Numerische Mathematik},
	volume = {108},
	number = {1},
	pages = {59--91}
}

@article{Dempster1977,
	author = {Dempster,A.T. and Laird,N.M. and Rubin,D.B.},
	title = {Maximum likelihood from incomplete data via the {EM} algorithm},
	year = {1977},
	journal = {J. Roy. Stat. Soc.},
	volume = {39},
	number = {1},
	pages = {1--38}
}

@article{Djebali2012,
	author = {S. Djebali et al.},
	title = {Landscape of transcription in human cells},
	year = {2012},
	journal = {Nature}
}

@article{ENCODE2011,
	author = {{ENCODE Project Consortium}},
	title = {A user's guide to the encyclopedia of {DNA} elements {(ENCODE)}},
	year = {2011},
	journal = {PLoS Biology},
}

@article{ENCODE2012,
	author = {{ENCODE Project Consortium}},
	title = {An integrated encyclopedia of {DNA} elements in the human genome},
	year = {2012},
	journal = {Nature},
	volume = {489},
	pages = {57--74}
}

@article{ErnstKellis2010,
	author = {Jason Ernst and Manolis Kellis},
	title = {Discovery and characterization of chromatin states for systematic annotation of the human genome},
	year = {2010},
	journal = {Nature Biotechnology},
	volume = {28},
	number = {8},
	pages = {817--825}
}

@article{Ernst2011,
	author = {Ernst et. al},
	title = {Mapping and analysis of chromatin state dynamics in nine human cell types},
	year = {2011},
	journal = {Nature},
	volume = {473},
	pages = {43--49}
}

@article{ErnstKellis2012,
	author = {Jason Ernst and Manolis Kellis},
	title = {Chrom{HMM}: automating chromatin state discovery and characterization},
	year = {2012},
	journal = {Nature Methods},
	volume = {9},
	number = {3},
	pages = {215--216}
}

@article{Factorbook2013,
	author = {Jie Wang and Jiali Zhuang and Sowmya Iyer and Xin-Ying Linc Melissa C. Greven and Bong-Hyun Kim and Jill Moore and Brian G. Pierce and Xianjun Dong and Daniel Virgil and Ewan Birney and Jui-Hung Hung and Zhiping Weng},
	title = {Factorbook.org: a {W}iki-based database for transcription factor-binding data generated by the {ENCODE} consortium},
	year = {2013},
	journal = {Nucleic Acids Research},
	volume = {41},
	number = {D1},
	pages = {D171--D176}
}

@article{Filion2010,
	author = {Filion et. al},
	title = {Systematic protein location mapping reveals five principal chromatin types in {D}rosophila cells},
	year = {2010},
	journal = {Cell},
	volume = {143},
	pages = {212--224}
}

@inproceedings{Foti2014,
	author = {N. Foti and J. Xu and D. Laird and E. Fox},
	title = {Stochastic Variational Inference for Hidden Markov Models},
	year = {2014},
	booktitle = {NIPS}
}

@article{Friedlander2014,
	author = {Marc R Friedl{\"a}nder and Esther Lizano and Anna JS Houben
	and Daniela Bezdan and M\'{o}nica B\'{a}n{\~e}z-Coronel and
	Grzegorz Kudla and Elisabet Mateu-Huertas and Birgit Kagerbauer
  and Justo Gonz\'{a}lez and Kevin C Chen and Emily M LeProust
	and Eul\`{a}lia Mart\'{i} and Xavier Estivill},
	title = {Evidence for the biogenesis of more than 1,000 novel human micro{RNA}s},
	year = {2014},
	journal = {Genome Biology},
	volume = {15},
	pages = {R57}
}

@inproceedings{Garcia2007,
	author = {V. Garc\'{i}a and J. S. S\'{a}nchez and R. A. Mollineda and R. Alejo and J. M. Sotoca},
	title = {The class imbalance problem in pattern classification and learning},
	year = {2007},
	booktitle = {II Congreso Espa\~{n}ol de Inform\'{a}tica}
}

@article{GENCODE2012,
	author = {Harrow, J and Frankish, A and Gonzalez, JM and Tapanari, E and Diekhans, M and Kokocinski, F and Aken, BL and Barrell, D and Zadissa, A and Searle, S and Barnes, I and Bignell, A and Boychenko, V and Hunt, T and Kay, M and Mukherjee, G and Rajan, J and Despacio-Reyes, G and Saunders, G and Steward, C and Harte, R and Lin, M and Howald, C and Tanzer, A and Derrien, T and Chrast, J and Walters, N and Balasubramanian, S and Pei, B and Tress, M and Rodriguez, JM and Ezkurdia, I and van Baren, J and Brent, M and Haussler, D and Kellis, M and Valencia, A and Reymond, A and Gerstein, M and Guigo, R and Hubbard, TJ},
	title = {{GENCODE}: the reference human genome annotation for {T}he {ENCODE} {P}roject},
	year = {2012},
	journal = {Genome Research},
	volume = {22},
	number = {9},
	pages = {1760--1774}
}

@article{Gifford2013,
	author = {Casey A. Gifford and Michael J. Ziller and Hongcang Gu and
	Cole Trapnell and Julie Donaghey and Alexander Tsankov and Alex K. Shalek
	and David R. Kelley and Alexander A. Shishkin and Robbyn Issner and
	Xiaolan Zhang and Michael Coyne and Jennifer L. Fostel and Laurie Holmes and
	Jim Meldrim and Mitchell Guttman and Charles Epstein and Hongkun Park and
	Oliver Kohlbacher and John Rinn and Andreas Gnirke and Eric S. Lander and
	Bradley E. Bernstein and Alexander Meissner},
	title = {Transcriptional and epigenetic dynamics during specification of human embryonic stem cells},
	year = {2013},
	journal = {Cell},
	volume = {153},
	pages = {1149--1163}
}

@article{Gusev2013,
	author = {Alexander Gusev and Gaurav Bhatia and Noah Zaitlen and
	Bjarni J. Vilhjalmsson and Doroth\'{e}e Diogo and Eli A. Stahl and
	Peter K. Gregersen and Jane Worthington and Lars Klareskog and
	Soumya Raychaudhuri and Robert M. Plenge and Bogdan Pasaniuc and Alkes L. Price},
	title = {Quantifying missing heritability at known {GWAS} loci},
	year = {2013},
	journal = {PLoS Genetics},
	volume = {9},
	number = {12},
	pages = {e1003993}
}

@article{Guttman2009,
	author = {Mitchell Guttman and Ido Amit and Manuel Garber and Courtney French
	and Michael F. Lin and David Feldser and Maite Huarte and Or Zuk and
	Bryce W. Carey and John P. Cassady and Moran N. Cabili and Rudolf Jaenisch
	and Tarjei S. Mikkelsen and Tyler Jacks and Nir Hacohen and
	Bradley E. Bernstein and Manolis Kellis and Aviv Regev and John L. Rinn and
 	Eric S. Lander},
	title = {Chromatin signature reveals over a thousand highly conserved large non-coding {RNA}s in mammals},
	year = {2009},
	journal = {Nature},
	volume = {458},
	pages = {223--227}
}

@article{Guttman2010,
	author = {Mitchell Guttman and Manuel Garber and Joshua Z Levin and
	Julie Donaghey and James Robinson and Xian Adiconis and Lin Fan and
 	Magdalena J Koziol and Andreas Gnirke and Chad Nusbaum and John L Rinn
 	and Eric S Lander and Aviv Regev},
	title = {Ab initio reconstruction of cell type-specific transcriptomes in mouse reveals the conserved multi-exonic structure of linc{RNA}s},
	year = {2010},
	journal = {Nature Biotechnology},
	volume = {28},
	number = {5},
	pages = {503--510}
}

@article{HapMap2010,
	author = {{The International HapMap 3 Consortium}},
	title = {Integrating common and rare genetic variation in diverse human populations},
	year = {2010},
	journal = {Nature},
	volume = {467},
	pages = {52--58}
}

@article{Hardison2012,
	author = {Ross C. Hardison},
	title = {Genome-wide epigenetic data facilitate understanding of disease susceptibility association studies},
	year = {2012},
	journal = {Journal of Biological Chemistry},
	volume = {287},
	pages = {30932--30940}
}

@article{Heintzman2009,
	author={Nathaniel D. Heintzman and Gary C. Hon and R. David Hawkins and Pouya Kheradpour and Alexander Stark
and Lindsey F. Harp and Zhen Ye and Leonard K. Lee and Rhona K. Stuart and Christina W. Ching and Keith A. Ching
and Jessica E. Antosiewicz-Bourget and Hui Liu and Xinmin Zhang and Roland D. Green and Victor V. Lobanenkov and Ron Stewart
and James A. Thomson and Gregory E. Crawford and Manolis Kellis and Bing Ren},
	title = {Histone modifications at human enhancers reflect global cell-type-specific gene expression},
	year = {2009},
	journal = {Nature},
	volume = {459},
	pages = {108--112}
}

@article{Hindorff2009,
	author = {Lucia A. Hindorff and Praveen Sethupathy and Heather A. Junkins and
	Erin M. Ramos and Jayashri P. Mehta and Francis S. Collins and Teri A. Manolio},
	title = {Potential etiologic and functional implications of genome-wide association loci for human diseases and traits},
	year = {2009},
	journal = {Proceedings of the National Academy of Sciences of the United States of America},
	volume = {106},
	number = {23},
	pages = {9362--9367}
}

@article{Hoffman2012,
	author = {M. Hoffman et al},
	title = {Unsupervised pattern discovery in human chromatin structure through genomic segmentation},
	year = {2012},
	journal = {Nature Methods},
	volume = {9},
	number = {5},
	pages = {473--476}
}

@article{Hoffman2013,
	author = {Michael M. Hoffman and Jason Ernst and Steven P. Wilder and Anshul Kundaje and
Robert S. Harris and Max Libbrecht and Belinda Giardine and Paul M. Ellenbogen and
Jeffrey A. Bilmes and Ewan Birney and Ross C. Hardison and Ian Dunham and Manolis Kellis and
William Stafford Noble},
	title = {Integrative annotation of chromatin elements from {ENCODE} data},
	year = {2013},
	journal = {Nucleic Acids Research},
	volume = {41},
	number = {2},
	pages = {827--841}
}

@article{Hon2009a,
	author = {Gary C. Hon and R. David Hawkins and Bing Ren},
	title = {Predictive chromatin signatures in the mammalian genome},
	year = {2009},
	journal = {Human Molecular Genetics},
	volume = {18},
	pages = {R195--R201}
}

@article{Hon2009b,
	author = {Gary Hon and Wei Wang and Bing Ren},
	title = {Discovery and annotation of functional chromatin signatures in the human genome},
	year = {2009},
	journal = {PLoS Computational Biology},
	volume={5},
	number={11},
	pages={e1000566}
}

@article{HsuKZ2012,
	author = {Hsu,D. and Kakade,S.M. and Zhang,T},
	title = {A spectral algorithm for learning hidden {M}arkov models},
	year = {2012},
	journal = {Journal of Computer and System Sciences},
	volume = {78},
	pages = {1460--1480}
}

@book{Huang2001,
	author = {Huang, X. and Acero, A. and Hon, H.-W.},
	year = {2001},
	title = {Spoken language processing},
	publisher = {Prentice-Hall},
	address = {Upper Saddle River, NJ}
}

@article{Jaeger2000,
	author = {Herbert Jaeger},
	title = {Observable operator models for discrete stochastic time series},
	year = {2000},
	journal = {Neural Computation},
	volume = {12},
	number = {6},
	pages = {1371--1398}
}

@article{Jaschek2009,
	author = {Rami Jaschek and Amos Tanay},
	title = {Spatial clustering of multivariate genomic and epigenomic information},
	year = {2009},
	journal = {Research in Computational Molecular Biology ({\it RECOMB}), LNCS},
	volume = {5541},
	pages = {170--183}
}

@article{Karlic2010,
	author = {Rosa Karlic and Ho-Ryun Chung and Julia Lasserre and Kristian Vlahovicek and Martin Vingron},
	title = {Histone modification levels are predictive for gene expression},
	year = {2010},
	journal = {Proceedings of the National Academy of Sciences of the United States of America},
	volume = {107},
	pages = {2926--2931}
}

@article{Karmodiya2012,
	author = {Krishanpal Karmodiya and Arnaud R Krebs and Mustapha Oulad-Abdelghani and
	 Hiroshi Kimura and Laszlo Tora},
	title = {{H3K9} and {H3K14} acetylation co-occur at many gene regulatory elements, while H3K14ac marks a subset of inactive inducible promoters in mouse embryonic stem cells},
	year = {2012},
	journal = {BMC Genomics},
	volume = {13},
	pages = {424}
}

@article{Kasowski2013,
	author = {Maya Kasowski and Sofia Kyriazopoulou-Panagiotopoulou and Fabian Grubert and Judith B. Zaugg and
	Anshul Kundaje and Yuling Liu and Alan P. Boyle and Qiangfeng Cliff Zhang and Fouad Zakharia and
	Damek V. Spacek and Jingjing Li and Dan Xie and Anthony Olarerin-George and Lars M. Steinmetz and
	John B. Hogenesch and Manolis Kellis and Serafim Batzoglou and Michael Snyder},
	title = {Extensive variation in chromatin states across humans},
	year = {2013},
	journal = {Science},
	volume = {342},
	pages = {750--752}
}

@article{KelleyRinn2012,
	author = {David Kelley and John Rinn},
	title = {Transposable elements reveal a stem cell-specific class of long noncoding {RNA}s},
	year = {2012},
	journal = {Genome Biology},
	volume = {13},
	pages = {R107}
}

@article{Khalil2009,
	author = {Ahmad M. Khalil and Mitchell Guttman and Maite Huarte and Manuel Garbera and Arjun Rajd
	and Dianali Rivea Morales and Kelly Thomas and Aviva Presser and Bradley E. Bernstein and
	Alexander van Oudenaarden and Aviv Regev and Eric S. Lander and John L. Rinn},
	title = {Many human large intergenic noncoding {RNA}s associate with chromain-modifying complexes and affect gene expression},
	year = {2009},
	journal = {Proceedings of the National Academy of Sciences of the United States of America},
	volume = {106},
	number = {28},
	pages = {11667--11672}
}

@article{Kharchenko2011,
	author = {Kharchenko et. al},
	title = {Comprehensive analysis of the chromatin landscape in {D}rosophila melanogaster},
	year = {2011},
	journal = {Nature},
	volume = {471},
	pages = {480--485}
}

@article {Kilpinen2013,
	author = {Helena Kilpinen and Sebastian M. Waszak and Andreas R. Gschwind and Sunil K. Raghav
	and Robert M. Witwicki and Andrea Orioli and Eugenia Migliavacca and Michaël Wiederkehr and
	Maria Gutierrez-Arcelus and Nikolaos I. Panousis and Alisa Yurovsky and Tuuli Lappalainen and
	Luciana Romano-Palumbo and Alexandra Planchon and Deborah Bielser and Julien Bryois and
	Ismael Padioleau and Gilles Udin and Sarah Thurnheer and David Hacker and Leighton J. Core
	and John T. Lis and Nouria Hernandez and Alexandre Reymond and Bart Deplancke and
	Emmanouil T. Dermitzakis},
	title = {Coordinated effects of sequence variation on {DNA} binding, chromatin structure, and transcription},
	year = {2013},
	journal = {Science},
	volume = {342},
	pages = {744--747}
}

@article{LaiBuck2013,
	author = {William K. M. Lai and Michael J. Buck},
	title = {An integrative approach to understanding the combinatorial histone code at functional elements},
	year = {2013},
	journal = {Bioinformatics},
	volume = {29},
	number = {18},
	pages = {2231--2237}
}

@article{Landt2012,
	author = {Stephen G. Landt and Georgi K. Marinov and Anshul Kundaje and
	Pouya Kheradpour and Florencia Pauli and Serafim Batzoglou and Bradley E. Bernstein
	and Peter Bickel and James B. Brown and Philip Cayting and Yiwen Chen and
	Gilberto DeSalvo and Charles Epstein and Katherine I. Fisher-Aylor and Ghia Euskirchen
	and Mark Gerstein and Jason Gertz and Alexander J. Hartemink and Michael M. Hoffman
	and Vishwanath R. Iyer and Youngsook L. Jung and Subhradip Karmakar and Manolis Kellis
	and Peter V. Kharchenko and Qunhua Li and Tao Liu and X. Shirley Liu and Lijia Ma and
	Aleksandar Milosavljevic and Richard M. Myers and Peter J. Park and Michael J. Pazin
	and Marc D. Perry and Debasish Raha and Timothy E. Reddy and Joel Rozowsky and
	Noam Shoresh and Arend Sidow and Matthew Slattery and John A. Stamatoyannopoulos
	and Michael Y. Tolstorukov and Kevin P. White and Simon Xi and Peggy J. Farnham and
	Jason D. Lieb and Barbara J. Wold and Michael Snyder},
	title = {{ChIP}-seq guidelines and practices of the {ENCODE} and {modENCODE} consortia},
	year = {2012},
	journal = {Genome Research},
	volume = {22},
	pages = {1813--1831}
}

@article{Lian2008,
	author = {Heng Lian and William A. Thompson and Robert Thurman and
	John A. Stamatoyannopoulos and William Stafford Noble and Charles E. Lawrence},
	title = {Automated mapping of large-scale chromatin structure in {ENCODE}},
	year = {2008},
	journal = {Bioinformatics},
	volume = {24},
	pages = {1911--1916}
}

@inproceedings{Libbrecht2013,
	author = {M. Libbrecht and M. Hoffman and J. Bilmes and W. Noble},
	title = {Entropic Graph-based Posterior Regularization for Learning Probabilistic Models},
	year = {2013},
	booktitle = {NIPS Workshop on ML in Comp. Biol. }
}

@article{Maurano2012,
	author = {Matthew T. Maurano and Richard Humbert and Eric Rynes and
	Robert E. Thurman and Eric Haugen and Hao Wang and Alex P. Reynolds and
	Richard Sandstrom and Hongzhu Qu and Jennifer Brody and Anthony Shafer and
	Fidencio Neri and Kristen Lee and Tanya Kutyavin and Sandra Stehling-Sun and
	Audra K. Johnson and Theresa K. Canfield and Erika Giste and Morgan Diege and
	Daniel Bates and R. Scott Hansen and Shane Neph and Peter J. Sabo and
 	Shelly Heimfeld and Antony Raubitschek and Steven Ziegler and Chris Cotsapas
	and Nona Sotoodehnia and Ian Glass and Shamil R. Sunyaev and Rajinder Kaul
	and John A. Stamatoyannopoulos},
	title = {Systematic localization of common disease-associated variation in regulatory {DNA}},
	year = {2012},
	journal = {Science},
	volume = {337},
	pages = {1190--1195}
}

@article{Maze2014,
	author = {Ian Maze and Kyung-Min Noh and Alexey A Soshnev and C David Allis},
	title = {Every amino acid matters: essential contributions of histone variants to mammalian development and disease},
	year = {2014},
	journal = {Nature Reviews Genetics},
	volume = {15},
	pages = {259--271}
}

@article{McLean2010,
	author = {Cory Y McLean and Dave Bristor and Michael Hiller and Shoa L Clarke and
	Bruce T Schaar and Craig B Lowe and Aaron M Wenger and Gill Bejerano},
	title = {{GREAT} improves functional interpretation of cis-regulatory regions},
	year = {2010},
	journal = {Nature Biotechnology},
	volume = {28},
	number = {5},
	pages = {495--501}
}

@article{McVicker2013,
	author = {Graham McVicker and Bryce van de Geijn and Jacob F. Degner and Carolyn E. Cain
	and Nicholas E. Banovich and Anil Raj and Noah Lewellen and Marsha Myrthil and
	Yoav Gilad and Jonathan K. Pritchard},
	title = {Identification of genetic variants that affect histone modifications in human cells},
	year = {2013},
	journal = {Science},
	volume = {342},
	pages = {747--749}

}

@article{Montgomery2010,
	author = {Stephen B. Montgomery and Micha Sammeth and Maria Gutierrez-Arcelus and Radoslaw P. Lach
	and Catherine Ingle and James Nisbett and Roderic Guigo and Emmanouil T. Dermitzakis},
	title = {Transcriptome genetics using second generation sequencing in a {Caucasian} population},
	year = {2010},
	journal = {Nature},
	volume = {464},
	pages = {773--777}
}

@article{Mortazavi2013,
	author = {Ali Mortazavi and Shirley Pepke and Camden Jansen and
	Georgi K. Marinov and Jason Ernst and Manolis Kellis and Ross C. Hardison
	and Richard M. Myers and Barbara J. Wold},
	title = {Integrating and mining the chromatin landscape of cell-type specificity using self-organizing maps},
	year = {2013},
	journal = {Genome Research},
	volume = {23},
	pages = {2136--2148}
}

@article{MosselRoch2006,
	author = {Elchanan Mossel and Sebastien Roch},
	title = {Learning nonsingular phylogenies and hidden {M}arkov models},
	year = {2006},
	journal = {The Annals of Applied Probability},
	volume = {16},
	number = {2},
	pages = {583--614}
}

@article{Pearson1895,
	author = {Karl Pearson},
	title = {Contributions to the Mathematical Theory of Evolution},
	year = {1895},
	journal = {Philosophical Transactions of the Royal Society of London, A},
	volume = {186},
	pages = {343--414}
}

@article{Pender2003,
	author = {Michael P Pender},
	title = {Infection of autoreactive {B} lymphocytes with {EBV}, causing chronic autoimmune diseases},
	year = {2003},
	journal = {Trends in Immunology},
	volume = {24},
	number = {11},
	pages = {584--588}
}

@article{Pollard2010,
	author = {Katherine S. Pollard and Melissa J. Hubisz and Kate R. Rosenbloom
	and Adam Siepel},
	title = {Detection of nonneutral substitution rates on mammalian phylogenies},
	year = {2010},
	journal = {Genome Research},
	volume = {20},
	pages = {110--121}
}

@article{Portela2010,
	author = {Anna Portela and Manel Esteller},
	title = {Epigenetic modifications and human disease},
	year = {2010},
	journal = {Nature Biotechnology},
	volume = {26},
	number = {10},
	pages = {1057--1068}
}

@article{Rabiner1989,
	author = {Lawrence R Rabiner},
	title = {A tutorial on hidden {M}arkov models and selected applications in speech recognition},
	year = {1989},
	journal = {Proceedings of the IEEE},
	volume = {77},
	number = {2},
	pages = {257--286}
}

@article{Rada-Iglesias2011a,
	author = {Alvaro Rada-Iglesias and Ruchi Bajpai and Tomek Swigut and
	Samantha A. Brugmann and Ryan A. Flynn and Joanna Wysocka},
	title = {A unique chromatin signature uncovers early developmental enhancers in humans},
	year = {2011},
	journal = {Nature},
	volume = {470},
	pages = {279--283}
}

@article{Rada-Iglesias2011b,
	author = {Alvaro Rada-Iglesias and Joanna Wysocka},
	title = {Epigenomics of human embryonic stem cells and induced pluripotent stem cells: insights into pluripotency and implications for disease},
	year = {2011},
	journal = {Genome Medicine},
	volume = {3},
	pages = {36}
}

@article{Rando2012,
	author = {Rando, Oliver J},
	title = {Combinatorial complexity in chromatin structure and function: revisiting the histone code},
	year = {2012},
	journal = {Current Opinion in Genetics and Development},
	volume = {22},
	pages = {148--155}
}

@techreport{RebonatoJ1999,
	author = {Riccardo Rebonato and Peter Jackel},
	title = {The Most General Methodology to Create a Valid Correlation Matrix for Risk Management and Option Pricing Purposes},
	year = {1999},
	institution= {Quantitative Research Centre, NatWestGroup}
}

@book{Rice2006,
	author = {John A. Rice},
	title = {Mathematical statistics and data analysis},
	year = {2006},
	isbn = {0534399428},
	publisher = {Cengage Learning},
        address = {Boston, MA}
}

@article{RiveraRen2013,
	author = {Chloe M. Rivera and Bing Ren},
	title = {Mapping human epigenomes},
	year = {2013},
	journal = {Cell},
	volume = {155},
	number = {1},
	pages = {39--55}
}

@article{Roadmap2015,
	author = {{Roadmap Epigenomics Consortium et al.}},
	title = {Integrative analysis of 111 reference human epigenomes},
	year = {2015},
	journal = {Nature},
	volume={518},
	pages = {317--330}
}

@article{Roh2006,
	author = {Tae-Young Roh and Suresh Cuddapah and Kairong Cui and Keji Zhao},
	title = {The genomic landscape of histone modifications in human {T} cells},
	year = {2006},
	journal = {Proceedings of the National Academy of Sciences of the United States of America},
	volume = {103},
	number = {43},
	pages = {15782--15787}
}

@article{Schadt2008,
	author = {Schadt EE and Molony C and Chudin E and Hao K and Yang X and Lum PY
	and Kasarskis A and Zhang B and Wang S and Suver C and Zhu J and Millstein J
	and Sieberts S and Lamb J and GuhaThakurta D and Derry J and Storey JD and
	Avila-Campillo I and Kruger MJ and Johnson JM and Rohl CA and van Nas A and
	Mehrabian M and Drake TA and Lusis AJ and Smith RC and Guengerich FP and Strom SC
	and Schuetz E and Rushmore TH and Ulrich R},
	title = {Mapping the Genetic Architecture of Gene Expression in Human Liver},
	year = {2008},
	journal = {PLoS Biology},
	volume = {6},
	number = {5},
	pages = {e107}
}

@article{Schaub2012,
	author = {Marc A. Schaub and Alan P. Boyle and Anshul Kundaje and
	Serafim Batzoglou and Michael Snyder},
	title = {Linking disease associations with regulatory information in the human genome},
	year = {2012},
	journal = {Genome Research},
	volume = {22},
	pages = {1748--1759}
}

@article{Sequeira-Mendes2014,
	author = {Joana Sequeira-Mendes and Irene Arag{\"u}ez and Ram{\'o}n Peir{\'o}
	and Raul Mendez-Giraldez and Xiaoyu Zhang and Steven E. Jacobsen
	and Ugo Bastolla and Crisanto Gutierrez},
	title = {The functional topography of the {A}rabidopsis genome is organized in a reduced number of linear motifs of chromatin states},
	year = {2014},
	journal = {Plant Cell},
	volume = {26},
	pages = {2351--2366}
}

@article{Shen2012,
	author = {Yin Shen and Feng Yue and David F. McCleary and Zhen Ye and Lee Edsall
	and Samantha Kuan and Ulrich Wagner and Jesse Dixon and Leonard Lee and
	Victor V. Lobanenkov and Bing Ren},
	title = {A map of the cis-regulatory sequences in the mouse genome},
	year = {2012},
	journal = {Nature},
	volume = {488},
	pages = {116--120}
}

@article{Song2015,
	author = {J. Song and K. C. Chen},
	title = {Spectacle: fast chromatin state annotation using spectral learning},
	year = {2015},
	journal = {Genome Biology},
	volume = {16},
	pages = {33}
}

@article{StrahlAllis2000,
	author = {Brian D. Strahl and C. David Allis},
	title = {The language of covalent histone modifications},
	year = {2000},
	journal = {Nature},
	volume = {403},
	pages = {41--45}
}

@article{Stranger2007,
	author = {Stranger BE and Nica AC and Forrest MS and Dimas A and Bird CP and
	Beazley C and Ingle CE and Dunning M and Flicek P and Koller D and Montgomery S
	and Tavar{\'e} S and Deloukas P and Dermitzakis ET},
	title = {Population genomics of human gene expression},
	year = {2007},
	journal = {Nature Genetics},
	volume = {39},
	number = {10},
	pages = {1217--1224}
}

@article{1000Genomes2010,
	author = {{The 1000 Genomes Project Consortium}},
	title = {A map of human genome variation from population-scale sequencing},
	year = {2010},
	journal = {Nature},
	volume = {467},
	pages = {1061--1073}
}

@article{ToussirotRoudier2008,
	author = {Eric Toussirot and Jean Roudier},
	title = {Epstein-Barr virus in autoimmune diseases},
	year = {2008},
	journal = {Best Practice and Research Clinical Rheumatology},
	volume = {22},
	number = {5},
	pages = {883--896}
}

@article{Ucar2011,
	author = {Duygu Ucar and Qingyang Hu and Kai Tan},
	title = {Combinatorial chromatin modification patterns in the human genome revealed by subspace clustering},
	year = {2011},
	journal = {Nucleic Acids Research},
	volume = {39},
	number = {10},
	pages = {4063--4075}
}

@inproceedings{Vas2012,
	author = {Virginia V. Williams},
	title = {Multiplying matrices faster than {C}oppersmith-{W}inograd},
	year = {2012},
	booktitle = {Symposium on the Theory of Computing ({\it STOC})},
	pages = {887--898}
}

@article{Vista2007,
	author = {Axel Visel and Simon Minovitsky and Inna Dubchak and Len A. Pennacchio},
	title = {{VISTA} {E}nhancer {B}rowser--a database of tissue-specific human enhancers},
	year = {2007},
	journal = {Nucleic Acids Research},
	volume = {35(Database issue)},
	pages = {D88--D92}
}

@article{Wang2012,
	author = {Jianrong Wang and Victoria V. Lunyak and I. King Jordan},
	title = {Chromatin signature discovery via histone modification profile alignments},
	year = {2012},
	journal = {Nucleic Acids Research},
	volume = {40},
	number = {21},
	pages = {10642--10656}
}

@article{Won2013,
	author = {Kyoung-Jae Won and Xian Zhang and Tao Wang and Bo Ding and Debasish Raha and
Michael Snyder and Bing Ren and Wei Wang},
	title = {Comparative annotation of functional regions in the human genome using epigenomic data},
	year = {2013},
	journal = {Nucleic Acids Research},
	volume={41},
	number={8},
	pages = {4423--4432}
}

@article{Xiao2012,
	author = {Shu Xiao and Dan Xie and Xiaoyi Cao and Pengfei Yu and Xiaoyun Xing
	and Chieh-Chun Chen and Meagan Musselman and Mingchao Xie and Franklin D. West
	and Harris A. Lewin and Ting Wang and Sheng Zhong},
	title = {Comparative epigenomic annotation of regulatory {DNA}},
	year = {2012},
	journal = {Cell},
	volume = {149},
	pages = {1381--1392}
}

@article{XieJB2013,
	author = {Xie,B. and Jankovic,B.R. and Bajic,V.B. and Song,L. and Gao,X.},
	title = {Poly({A}) motif prediction using spectral latent features from human {DNA} sequences},
	year = {2013},
	journal = {Bioinformatics},
	volume = {29},
	number = {13},
	pages = {i316--i325}
}

@article{XieSL2013,
	author = {Wei Xie and Matthew D. Schultz and Ryan Lister and Zhonggang Hou
	and Nisha Rajagopal and Pradipta Ray and John W. Whitaker and Shulan Tian
	and R. David Hawkins and Danny Leung and Hongbo Yang and Tao Wang and
	Ah Young Lee and Scott A. Swanson and Jiuchun Zhang and Yun Zhu and Audrey Kim
	and Joseph R. Nery and Mark A. Urich and Samantha Kuan and Chia-an Yen and
	Sarit Klugman and Pengzhi Yu and Kran Suknuntha and Nicholas E. Propson and
	Huaming Chen and Lee E. Edsall and Ulrich Wagner and Yan Li and Zhen Ye and
	Ashwinikumar Kulkarni and Zhenyu Xuan and Wen-Yu Chung and Neil C. Chi and
	Jessica E. Antosiewicz-Bourget and Igor Slukvin and Ron Stewart and
	Michael Q. Zhang and Wei Wang and James A. Thomson and Joseph R. Ecker and
	Bing Ren},
	title = {Epigenomic analysis of multilineage differentiation of human embryonic stem cells},
	year = {2013},
	journal = {Cell},
	volume = {153},
	pages = {1134--1148}
}

@article{Ye2011,
	author = {Xugang Ye and Yi-Kuo Yu and Stephen F Altschul},
	title = {On the inference of {D}irichlet mixture priors for protein sequence comparison},
	year = {2011},
	journal = {Journal of computational biology},
	volume = {18},
	number = {8},
	pages = {941--954}
}

@article{Yip2012,
	author = {Kevin Y Yip and Chao Cheng and Nitin Bhardwaj and James B Brown and
	Jing Leng and Anshul Kundaje and Joel Rozowsky and Ewan Birney and Peter Bickel
	and Michael Snyder and Mark Gerstein},
	title = {Classification of human genomic regions based on experimentally determined binding sites of more than 100 transcription-related factors},
	year = {2012},
	journal = {Genome Biolgoy},
	volume = {13},
	pages = {R48}
}

@article{Zeng2013,
	author = {Xin Zeng and Rajendran Sanalkumar and Emery H. Bresnick and Hongda Li and Qiang Chang and Sunduz Keles},
	title = {j{MOSAiCS}: joint analysis of multiple {ChIP}-seq datasets},
	year = {2013},
	journal = {Genome Biology},
	volume = {14},
	pages = {R38}
}

@inproceedings{Zhang2014,
	author = {Yuchen Zhang and Xi Chen and Dengyong Zhou and Michael I. Jordan},
	title = {Spectral methods meet {EM}: A provably optimal algorithm for crowdsourcing},
	year = {2014},
	booktitle = {Advances in Neural Information Proceeding Systems ({\it NIPS})}
}

@article{Zhou2011,
	author = {Vicky W. Zhou and Alon Goren and Bradley E. Bernstein},
	title = {Charting histone modifications and the functional organization of mammalian genomes},
	year = {2011},
	journal = {Nature Review Genetics},
	volume = {12},
	pages = {7--18}
}

@article{Zhu2013,
	author = {Jiang Zhu and Mazhar Adli and James Y. Zou and Griet Verstappen and Michael Coyne and
	Xiaolan Zhang and Timothy Durham and Mohammad Miri and Vikram Deshpande and Philip L. De Jager
	and David A. Bennett and Joseph A. Houmard and Deborah M. Muoio and Tamer T. Onder and
	Ray Camahort and Chad A. Cowan and Alexander Meissner and Charles B. Epstein and
	Noam Shoresh and Bradley E. Bernstein},
	title = {Genome-wide chromatin state transitions associated with developmental and environmental cues},
	year = {2013},
	journal = {Cell},
	volume = {152},
	pages = {642--654}
}

@article{Zhu2010,
	ignoreauthor = {Jun Zhu and Yanqing Chen and Amy S. Leonardson and Kai Wang and John R. Lamb and Valur Emilsson and Eric E. Schadt},
	author = {Jun Zhu et al.},
	title = {Characterizing Dynamic Changes in the Human Blood Transcriptional Network},
	year = {2010},
	journal = {PLoS Comput Biol},
	volume = {6},
	pages = {e1000671}
}

@inproceedings{Zou2013,
	author = {J. Zou and D. Hsu and D. Parkes and R. Adams},
	title = {Contrastive learning using spectral methods},
	year = {2013},
	booktitle = {NIPS}
}

@inproceedings{Parikh11,
  author    = {A. Parikh and
               L. Song and
               E. P. Xing},
  title     = {A Spectral Algorithm for Latent Tree Graphical Models},
  booktitle = {ICML},
  pages     = {1065--1072},
  year      = {2011},
  }




@inproceedings{Balle14,
  author    = {B. Balle and
               W. L. Hamilton and
               J. Pineau},
  title     = {Methods of Moments for Learning Stochastic Languages: Unified Presentation
               and Empirical Comparison},
  booktitle = {ICML},
  pages     = {1386--1394},
  year      = {2014},
 }


@inproceedings{Parikh12,
  author    = {A. P. Parikh and
               L. Song and
               M. Ishteva and
               G. Teodoru and
               E. P. Xing},
  title     = {A Spectral Algorithm for Latent Junction Trees},
  booktitle = {UAI},
  year      = {2012},
  }



@inproceedings{Parikh13,
  author    = {L. Song and
               M. Ishteva and
               A. P. Parikh and
               E. P. Xing and
               H. Park},
  title     = {Hierarchical Tensor Decomposition of Latent Tree Graphical Models},
  booktitle = {ICML},
  year      = {2013},
}

@article{AGHKT12,
  author    = {Anima Anandkumar and
               Rong Ge and
               Daniel Hsu and
               Sham M. Kakade and
               Matus Telgarsky},
  title     = {Tensor decompositions for learning latent variable models},
  journal   = {CoRR},
  volume    = {abs/1210.7559},
  year      = {2012},
  timestamp = {Fri, 02 Nov 2012 14:53:04 +0100},
  biburl    = {http://dblp.uni-trier.de/rec/bib/journals/corr/abs-1210-7559},
  bibsource = {dblp computer science bibliography, http://dblp.org}
}

@article{BWX13,
  author    = {Jacob Biesinger and
               Yuanfeng Wang and
               Xiaohui Xie},
  title     = {Discovering and mapping chromatin states using a tree hidden Markov
               model},
  journal   = {{BMC} Bioinformatics},
  volume    = {14},
  number    = {{S-5}},
  pages     = {S4},
  year      = {2013},
  doi       = {10.1186/1471-2105-14-S5-S4},
  timestamp = {Mon, 10 Jun 2013 13:19:01 +0200},
  biburl    = {http://dblp.uni-trier.de/rec/bib/journals/bmcbi/BiesingerWX13},
  bibsource = {dblp computer science bibliography, http://dblp.org}
}

@inproceedings{AFHKL12,
  author    = {A. Anandkumar and
               D. Foster and
               D. Hsu and
               S. Kakade and
               Y. Liu},
  title     = {A Spectral Algorithm for Latent Dirichlet Allocation},
  booktitle = {NIPS},
   year      = {2012},
 }

@inproceedings{HKZ09,
  author    = {D. Hsu and
               S. Kakade and
               T. Zhang},
  title     = {A Spectral Algorithm for Learning Hidden {M}arkov Models},
  booktitle = {COLT},
  year      = {2009},
}



@article{HMT11,
  author    = {N. Halko and
               P. Martinsson and
               J. Tropp},
  title     = {Finding Structure with Randomness: Probabilistic Algorithms for Constructing
               Approximate Matrix Decompositions},
  journal   = {{SIAM} Review},
  volume    = {53},
  year      = {2011},
}


@inproceedings{FRU12,
   author              = {D. Foster and
                          J. Rodu and
                          L. Ungar},
   title               = {Spectral dimensionality reduction for {HMM}s},
   booktitle             = {CoRR},
   year                = {2012},
   ee                  = {http://arxiv.org/abs/1203.6130},
}


@inproceedings{SBG10,
  author = "S. Siddiqi and B. Boots and G. Gordon",
  title = "Reduced-Rank Hidden {Markov} Models",
  booktitle = "AISTATS",
  year = "2010"
}

@inproceedings{CL14,
  author    = {A. Chaganty and
               P. Liang},
  title     = {Estimating Latent-Variable Graphical Models using Moments and Likelihoods},
  booktitle = {ICML},
  year      = {2014}
}

@inproceedings{BHP14,
  author    = {Borja Balle and
               William L. Hamilton and
               Joelle Pineau},
  title     = {Methods of Moments for Learning Stochastic Languages: Unified Presentation
               and Empirical Comparison},
  booktitle = {Proceedings of the 31th International Conference on Machine Learning,
               {ICML} 2014, Beijing, China, 21-26 June 2014},
  pages     = {1386--1394},
  year      = {2014},
  crossref  = {DBLP:conf/icml/2014},
  timestamp = {Fri, 07 Nov 2014 20:42:30 +0100},
  biburl    = {http://dblp.uni-trier.de/rec/bib/conf/icml/BalleHP14},
  bibsource = {dblp computer science bibliography, http://dblp.org}
}

@article{AHK12,
  author    = {Animashree Anandkumar and
               Daniel Hsu and
               Sham M. Kakade},
  title     = {A Method of Moments for Mixture Models and Hidden {M}arkov Models},
  journal   = {CoRR},
  volume    = {abs/1203.0683},
  year      = {2012},
  url       = {http://arxiv.org/abs/1203.0683},
  timestamp = {Wed, 10 Oct 2012 21:28:48 +0200},
  biburl    = {http://dblp.uni-trier.de/rec/bib/journals/corr/abs-1203-0683},
  bibsource = {dblp computer science bibliography, http://dblp.org}
}

@article{BCLQ14,
  author    = {B. Balle and
               X. Carreras and
               F. Luque and
               A. Quattoni},
  title     = {Spectral learning of weighted automata - {A} forward-backward perspective},
  journal   = {Machine Learning},
  volume    = {96},
  number    = {1-2},
  year      = {2014},
}

@inproceedings{SSGS10,
  author    = {L. Song and
               B. Boots and
               S. Siddiqi and
               G. J. Gordon and
               A. J. Smola},
  title     = {Hilbert Space Embeddings of Hidden {M}arkov Models},
  booktitle = {ICML},
  year      = {2010},
}

@inproceedings{MB14,
  author    = {I. Melnyk and
               A. Banerjee},
  title     = {A Spectral Algorithm for Inference in Hidden Semi-{M}arkov Models},
  booktitle = {AISTATS},
  year = {2015}
}

@inproceedings{KRS14,
  author    = {Alex Kulesza and
               N. Raj Rao and
               Satinder Singh},
  title     = {Low-Rank Spectral Learning},
  booktitle = {Proceedings of the Seventeenth International Conference on Artificial
               Intelligence and Statistics, {AISTATS} 2014, Reykjavik, Iceland, April
               22-25, 2014},
  pages     = {522--530},
  year      = {2014},
  crossref  = {DBLP:conf/aistats/2014},
  url       = {http://jmlr.org/proceedings/papers/v33/kulesza14.html},
  timestamp = {Thu, 11 Sep 2014 07:28:56 +0200},
  biburl    = {http://dblp.uni-trier.de/rec/bib/conf/aistats/KuleszaRS14},
  bibsource = {dblp computer science bibliography, http://dblp.org}
}

@article{MR06,
author = "Mossel, E. and Roch, S",
journal = "Ann. Appl. Probab.",
title = {Learning non-singular phylogenies and Hidden {Markov} Models},
month = "05",
number = "2",
volume = "16",
year = "2006"
}

@inproceedings{SADX14,
  title={Nonparametric Estimation of Multi-View Latent Variable Models},
  author={Song, Le and Anandkumar, Animashree and Dai, Bo and Xie, Bo},
  booktitle={Proceedings of the 31st International Conference on Machine Learning (ICML-14)},
  pages={640--648},
  year={2014}
}
